<collection xmlns="http://www.loc.gov/MARC21/slim"><record><leader>00748nam  2200217   450</leader><controlfield tag="001">329</controlfield><controlfield tag="003">http://montalegre.opacnet.com/OPAC/default.aspx?ContentAreaControl=ShowRegHoldings.ascx&amp;RegNo=16662</controlfield><datafield tag="100" ind1=" " ind2=" "><subfield code="a">20061013d--------k  y0pory0103    ba</subfield></datafield><datafield tag="101" ind1="1" ind2=" "><subfield code="a">por</subfield><subfield code="c">fre</subfield></datafield><datafield tag="102" ind1=" " ind2=" "><subfield code="a">PT</subfield></datafield><datafield tag="200" ind1="1" ind2=" "><subfield code="a">&lt;O &gt;amante</subfield><subfield code="f">Marguerite Duras</subfield><subfield code="g">trad. Luisa Costa Gomes e Maria da Piedade Ferreira</subfield></datafield><datafield tag="205" ind1=" " ind2=" "><subfield code="a">5ª ed</subfield></datafield><datafield tag="210" ind1=" " ind2=" "><subfield code="a">Lisboa</subfield><subfield code="c">Difel</subfield><subfield code="d">D.L. 1984</subfield></datafield><datafield tag="215" ind1=" " ind2=" "><subfield code="a">98 p.</subfield><subfield code="d">23 cm</subfield></datafield><datafield tag="304" ind1=" " ind2=" "><subfield code="a">Tít. orig. L'amant</subfield></datafield><datafield tag="675" ind1=" " ind2=" "><subfield code="a">821</subfield><subfield code="v">BN</subfield><subfield code="z">por</subfield><subfield code="v">BN</subfield><subfield code="z">por</subfield></datafield><datafield tag="700" ind1=" " ind2="1"><subfield code="a">Duras</subfield><subfield code="b">Marguerite</subfield><subfield code="f">1914-1996</subfield><subfield code="3">29724</subfield></datafield><datafield tag="702" ind1=" " ind2="1"><subfield code="a">Gomes</subfield><subfield code="b">Luísa Costa</subfield><subfield code="f">1954</subfield><subfield code="4">730</subfield></datafield><datafield tag="702" ind1=" " ind2="1"><subfield code="a">Ferreira</subfield><subfield code="b">Maria da Piedade</subfield><subfield code="4">730</subfield></datafield><datafield tag="801" ind1=" " ind2="0"><subfield code="a">PT</subfield><subfield code="b">Biblioteca Municipal de Montalegre</subfield><subfield code="g">RPC</subfield></datafield><datafield tag="856" ind1=" " ind2=" "><subfield code="u">locateMedia.asp?cod=20060511145448&amp;ext=jpg</subfield><subfield code="z">CAPA</subfield></datafield><datafield tag="909" ind1="&#9;" ind2=" "><subfield code="a">1</subfield></datafield><datafield tag="966" ind1=" " ind2=" "><subfield code="a">0008523</subfield><subfield code="l">BMM</subfield><subfield code="s">SCG 821 DUR ama</subfield></datafield></record></collection>